% ....názov súboru je: literatura.bib


% článok v zborníku
@inproceedings{Conley:Dota,
	author = "K. Conley and D. Perry",
	title = "How Does He Saw Me? A Recommendation Engine for Picking Heroes in Dota 2",
	booktitle = "CS 229 Machine Learning Final Projects, Autumn 2013",
	month = nov,
	year = "2013",
	address = "Stanford, USA",
}


}

% zdroj na webe

@misc{Stubbs:Rise,
	author = "Mike Stubbs",
	title = "The incredible rise of Dota",
	howpublished = "\url{https://www.redbull.com/int-en/the-history-of-dota}",
}
@misc{Pra:What,
	author = "Matheus Dal Pra",
	title = "What is Dota 2? – Everything You Need to Know",
	howpublished = "\url{https://www.gaming.net/what-is-dota-2-everything-you-need-to-know/}",
}
@misc{Modes:Nathan,
	author = " Nathan A, Jim McQ, Shawn Saris",
	title = "Game Modes",
	howpublished = "\url{https://www.ign.com/wikis/dota-2/Game%20Modes}",
}
@misc{Balaji:Dota,
	author = "Gautham Balaji",
	title = "Dota 2 Positions: What are the 5 positions you can play in Dota 2?",
	howpublished = "\url{https://thesportsrush.com/dota-2-positions-what-are-the-5-positions-you-can-play-in-dota-2/}",
}
@misc{Heroes:DOTA,
	author = "Jimmy Wales",
	title = "DOTA 2 Heroes",
	howpublished = "\url{https://dota.fandom.com/wiki/DOTA_2_Heroes}",
}
@misc{Reasons:DOTA,
	author = "JONNY VITO",
	title = "5 Reasons Why Dota 2 is a Popular Steam Game",
	howpublished = "\url{https://www.psu.com/news/5-reasons-why-dota-2-is-a-popular-steam-game/}",
}
